<?xml version="1.0" encoding="UTF-8"?><collection xmlns="http://www.loc.gov/MARC21/slim"><record><leader>00378nam--2200133-i-4500</leader><controlfield tag="001">000029458</controlfield><controlfield tag="002">20161230</controlfield><controlfield tag="005">20161230201037</controlfield><controlfield tag="008">060222s1000------------r-----000-0-eng-d</controlfield><datafield ind1=" " ind2=" " tag="080"><subfield code="a">550.34</subfield></datafield><datafield ind1=" " ind2=" " tag="100"><subfield code="a">Labozzetta, Rosario</subfield></datafield><datafield ind1=" " ind2=" " tag="245"><subfield code="a">Ancora sulla determinazione della provenienza della prima onda de un sisma</subfield></datafield><datafield ind1=" " ind2=" " tag="260"><subfield code="a">Mileto, Observatoriomoorabito, 1913. 10p</subfield></datafield><datafield ind1=" " ind2=" " tag="852"><subfield code="a">47503</subfield></datafield></record></collection>